@Book{Delorme A.,
  title = {STATISTICAL METHODS.Encyclopedia of Medical Devices and Instrumentation.},
  year = {2005},
  author = {Arnaud Delorme},
  doi = {10.1002/0471732877.emd318},
  publisher = {University of San Diego, California},
}

@Misc{greycite38599,
  url = {http://www.sas.com/en_us/insights/analytics/statistical-analysis.html},
  title = {Statistical Analysis - What is it?},
  howpublished = {\url{http://www.sas.com/en_us/insights/analytics/statistical-analysis.html}},
  archived = {http://greycite.knowledgeblog.org/?uri=http%3A%2F%2Fwww.sas.com%2Fen_us%2Finsights%2Fanalytics%2Fstatistical-analysis.html},
  year = {2016},
}
