@article{jones2006intelligence,
  title={Intelligence, human capital, and economic growth: A Bayesian Averaging of Classical Estimates (BACE) approach},
  author={Jones, Garett and Schneider, William Joel},
  journal={Journal of economic growth},
  volume={11},
  number={1},
  pages={71--93},
  year={2006},
  publisher={Springer}
}


@article{spilka1964concept,
  title={The concept of {G}od: A factor-analytic approach},
  author={Spilka, Bernard and Armatas, Philip and Nussbaum, June},
  journal={Review of Religious Research},
  volume={6},
  number={1},
  pages={28--36},
  year={1964},
  publisher={JSTOR}
}

@article{kahn2008individual,
  title={Individual differences in emotion expression: Hierarchical structure and relations with psychological distress},
  author={Kahn, Jeffery H and Barr, Leah K and Schneider, William Joel},
  journal={Journal of Social and Clinical Psychology},
  volume={27},
  number={10},
  pages={1045--1077},
  year={2008},
  publisher={Guilford Press}
}

@article{jones2010iq,
  title={IQ in the production function: Evidence from immigrant earnings},
  author={Jones, Garett and Schneider, William Joel},
  journal={Economic Inquiry},
  volume={48},
  number={3},
  pages={743--755},
  year={2010},
  publisher={Blackwell Publishing Inc}
}

@article{jones2004intelligence,
  title={Intelligence, human capital, and economic growth: An extreme-bounds analysis},
  author={Jones, Garett and Schneider, William Joel},
  journal={URL: http://www. siue. edu/wgarjone/JonesSchneApr. pdf},
  year={2004}
}

@phdthesis{schneider2003transtheoretical,
  title={Transtheoretical model of change with couples},
  author={Schneider, William Joel},
  year={2003},
  school={Texas A\&M University}
}

@article{schneider2008playing,
  title={Playing statistical ouija board with commonality analysis: good questions, wrong assumptions},
  author={Schneider, William Joel},
  journal={Applied neuropsychology},
  volume={15},
  number={1},
  pages={44--53},
  year={2008},
  publisher={Taylor \& Francis Group}
}

@article{kahn2008emotional,
  title={The emotional content of client disclosures and session impact: An analogue study.},
  author={Kahn, Jeffrey H and Vogel, David L and Schneider, William Joel and Barr, Leah K and Herrell, Kristine},
  journal={Psychotherapy: Theory, Research, Practice, Training},
  volume={45},
  number={4},
  pages={539},
  year={2008},
  publisher={Educational Publishing Foundation}
}

@article{decker2012estimating,
  title={Estimating base rates of impairment in neuropsychological test batteries: A comparison of quantitative models},
  author={Decker, Scott L and Schneider, William Joel and Hale, James B},
  journal={Archives of clinical neuropsychology},
  volume={7},
  number={1},
  pages={69--84},
  year={2012},
  publisher={Oxford University Press}
}

@article{guidry2009pride,
  title={Pride and prejudice in the evaluation of wine?},
  author={Guidry, Julie Anna and Babin, Barry J and Graziano, William G and Schneider, William Joel},
  journal={International Journal of Wine Business Research},
  volume={21},
  number={4},
  pages={298--311},
  year={2009},
  publisher={Emerald Group Publishing Limited}
}

@article{hoff2009association,
  title={The association between high status positions and aggressive behavior in early adolescence},
  author={Hoff, Kathryn E and Reese-Weber, Marla and Joel Schneider, W and Stagg, Jonathan W},
  journal={Journal of School Psychology},
  volume={47},
  number={6},
  pages={395--426},
  year={2009},
  publisher={Pergamon}
}

@incollection{snyder2003tailoring,
  title={Tailoring couple therapy to individual differences: A conceptual approach.},
  author={Snyder, Douglas K and Schneider, William Joel and Castellani, Angela M},
  booktitle={Treating difficult couples: Helping clients with coexisting mental and relationship disorders},
  pages={27--51},
  year={2003},
  publisher={Guilford Press}
}

@article{schneider2003sense,
  title={A sense of containment: Potential moderator of the relation between parenting practices and children's externalizing behaviors},
  author={Schneider, WILLIAM JOEL and Cavell, TIMOTHY A and Hughes, Jan N},
  journal={Development and psychopathology},
  volume={15},
  number={1},
  pages={95--117},
  year={2003},
  publisher={Cambridge Univ Press}
}

@article{tobin2008best,
  title={Best practices in the assessment of children with attention deficit hyperactivity disorder: Linking assessment to response to intervention},
  author={Tobin, RM and Schneider, William Joel and Reck, SG and Landau, S},
  journal={Best practices in school psychology V},
  volume={2},
  pages={617--631},
  year={2008}
}

@incollection{snyder2002affective,
  title={Affective reconstruction: A pluralistic, developmental approach.},
  author={Snyder, Douglas K and Schneider, William Joel},
  booktitle={Clinical handbook of couple therapy},
  pages={151--179},
  year={2002},
  publisher={Guilford Press}
}

@article{schneiderapplied,
  title={APPLIED PSYCHOMETRICS 101},
  author={Schneider, William Joel and McGrew, Kevin}
}

@incollection{schneider2012cattell,
  title={The Cattell-Horn-Carroll model of intelligence},
  author={Schneider, William Joel and McGrew, Kevin S},
  booktitle={Contemporary Intellectual Assessment: Theories, Tests, and Issues (Third Edition)},
  pages={99--144},
  year={2012},
  publisher={Guilford Press}
}

@article{guidry31international,
  title={International Journal of Wine Business Research},
  author={Guidry, Julie Anna and Babin, Barry J and Graziano, William G and Schneider, William Joel and Lockshin, Larry and Knott, David and Kunc, Martin H and Hollebeek, Linda D and Brodie, Roderick J and Steichen, Daniel and others},
  journal={Policy},
  volume={31},
  number={1},
  pages={75--90}
}

@article{kahn2013s,
  title={It's the Destination and It's the Journey: Using Multilevel Modeling to Assess Patterns of Change in Psychotherapy},
  author={Kahn, Jeffrey H and Schneider, William Joel},
  journal={Journal of clinical psychology},
  volume={69},
  number={6},
  pages={543--570},
  year={2013}
}

@incollection{schneider2013principles,
  title={Principles of Assessment of Aptitude and Achievement},
  author={Schneider, William Joel},
  booktitle={The {O}xford Handbook of Child Psychological Assessment},
  pages={286--330},
  year={2013},
  address={New York},
  publisher={Oxford University Press},
  editor={Don Saklofske and Cecil Reynolds and Vicki Schwean}
}

@article{schneider2013if,
  title={What if we took our models seriously? Estimating latent scores in individuals},
  author={Schneider, William Joel},
  journal={Journal of Psychoeducational Assessment},
  volume={31},
  number={2},
  pages={186--201},
  year={2013},
  publisher={SAGE Publications}
}

@inproceedings{stagg2007utility,
  title={The utility of single vs. multiple indicators in predicting behavioral outcomes related to executive functioning},
  author={Stagg, JW and Schneider, William Joel},
  booktitle={ARCHIVES OF CLINICAL NEUROPSYCHOLOGY},
  volume={22},
  number={7},
  pages={842--842},
  year={2007},
  organization={PERGAMON-ELSEVIER SCIENCE LTD THE BOULEVARD, LANGFORD LANE, KIDLINGTON, OXFORD OX5 1GB, ENGLAND}
}

@article{abney2014changing,
  title={Changing grasp position on a wielded object provides self-training for the perception of length},
  author={Abney, Drew H and Wagman, Jeffrey B and Schneider, William Joel},
  journal={Attention, Perception, \& Psychophysics},
  volume={76},
  number={1},
  pages={247--254},
  year={2014},
  publisher={Springer US}
}

@article{herbstrith2013preservice,
  title={Preservice teacher attitudes toward gay and lesbian parents.},
  author={Herbstrith, Julie C and Tobin, Ren{\'e}e M and Hesson-McInnis, Matthew S and Schneider, William Joel},
  journal={School Psychology Quarterly},
  volume={28},
  number={3},
  pages={183--194},
  year={2013},
  publisher={Educational Publishing Foundation}
}

@incollection{schneider2013cognitive,
  title={Cognitive performance models: Individual differences in the ability to process information},
  author={Schneider, William Joel and McGrew, Kevin S},
  booktitle={Handbook of educational theories},
  pages={767--782},
  year={2013},
  publisher={Information Age Publishing}
}

@mastersthesis{schneider1999moderating,
  title={The moderating influence of perceived containment on the relation between child externalizing behaviors and parenting practices},
  author={Schneider, William Joel},
  year={1999},
  school={Texas A\&M University}
}

@article{pornprasertmanit2014accuracy,
  title={Accuracy in parameter estimation in cluster randomized designs.},
  author={Pornprasertmanit, Sunthud and Schneider, William Joel},
  journal={Psychological methods},
  volume={19},
  number={3},
  pages={356--379},
  year={2014},
  publisher={American Psychological Association}
}

@misc{schneider2010compositator,
  title={The Compositator 1.0},
  author={Schneider, William Joel},
  year={2010},
  publisher={Olympia, WA: WMF Press}
}

@article{schneider2015intelligence,
  title={Intelligence is multidimensional: Theoretical review and implications of specific cognitive abilities},
  author={Schneider, William Joel and Newman, Daniel A},
  journal={Human Resource Management Review},
  volume={25},
  number={1},
  pages={12--27},
  year={2015},
  publisher={JAI}
}

@incollection{tobin2014best,
  title={Best practices in the assessment of youth with attention deficit hyperactivity disorder within a multitiered services framework},
  author={Tobin, Ren{\'e}e Margaret and Schneider, William Joel and Landau, Steven},
  booktitle={Best practices in school psychology: Data-based and collaborative decision making},
  pages={391--404},
  year={2014},
  publisher={National Association of School Psychologists}
}

@incollection{schneider2015relationship,
  title={The Relationship Between Theories of Intelligence and Intelligence Tests},
  author={Schneider, William Joel and Flanagan, Dawn P},
  booktitle={Handbook of Intelligence: Evolutionary Theory, Historical Perspective, and Current Concepts},
  pages={317--340},
  year={2015},
  publisher={Springer New York}
}

%online - An online resource. Required fields: author, title, number, year/date.
@misc{ WHO,
   author = "World Health Organization,",
   title = "Epidemiology- definition",
   year = "2016",
   url = "http://www.who.int/topics/epidemiology/en/",
   note = "[Online; accessed 16-March-2016]"
 }
 
 @book{ Chattopadhyay ,
	author = "Chattopadhyay, Amit",
    title = "Oral Health Epidemiology: Principles and Practice",
    year = "2011",
	city = "Massachusetts",
	publisher="Jones and Bartlett Publishers",
	DOI = "0-7637-5409-9"
 }
 
  @article{ Weiss ,
	author = "Weiss, RA",
    title = "How does HIV cause AIDS?",
    year = "1993",
	month = "May",
	pages = "1273-1279",
	volume = "260",
	issue = "5112",
	DOI = "10.1126/science.8493571"
 }
 
  @book{ Camacho ,
	author = "Camacho R., C",
    title = "The significance of subtype-related genetic variability: controversies and unanswered questions.",
    year = "2006",
	city = "London",
	booktitle="Antiretroviral Resistance in Clinical Practice",
	bookauthor= "Geretti AM",
	editor = "AM, Geretti",
	publisher="Mediscript",
	chapter = "13",
	URL = "http://www.ncbi.nlm.nih.gov/books/NBK2245/"
}

   @article{ Gao ,
	author = "Gao, F.; Morrison, S. G.; Robertson, D. L.; Thornton, C. L.; Craig, S.; Karlsson, G.; al, et",
    title = "Molecular cloning and analysis of functional envelope genes from human deficiency virus type 1 sequence subtypes A through G",
    Journalname = "Journal of Virology",
	year = "1996",
	pages = "1651-1667",
	volume = "70"
 }
 
    @article{ Louwagie ,
	author = "Louwagie, J.; McCutchan, F. E.; Peeters, M.; Brennan, T. P.; Sanders -Buell, E.; al, et",
    title = "Molecular cloning and analysis of functional envelope genes from human deficiency virus type 1 sequence subtypes A through G",
    Journalname= "AIDS",
	year = "1993",
	pages = "769-780",
	volume = "7"
 }
   @book{ Peeters ,
	author = "Peeters, M.",
    title = "Recombinant HIV sequences: their role in the global epidemic",
    year = "2001",
	city = "Los Alamos",
	state= "New Mexico",
	Country = "USA",
	booktitle="HIV sequence compendium 2000",
	bookauthor= "C. Kuiken, B. Foley, B. Hahn, F. E. McCutchan, J. W. Mellors, J. I. Mullins, J. Sodroski, S. Wolinsky, and B. Korber",
	editor = "Laboratory Los Alamos National,",
	publisher="Theoretical Biology and Biophysics Group"
}

@article{Buonaguro_2007,
	doi = {10.1128/jvi.00872-07},
	url = {http://dx.doi.org/10.1128/jvi.00872-07},
	year = 2007,
	month = {jul},
	publisher = {American Society for Microbiology},
	volume = {81},
	number = {19},
	pages = {10209--10219},
	author = {L. Buonaguro and M. L. Tornesello and F. M. Buonaguro},
	title = {Human Immunodeficiency Virus Type 1 Subtype Distribution in the Worldwide Epidemic: Pathogenetic and Therapeutic Implications},
	journal = {Journal of Virology}
}

@article{Ari_n_2007,
	doi = {10.1038/nrmicro1594},
	url = {http://dx.doi.org/10.1038/nrmicro1594},
	year = 2007,
	month = {jan},
	publisher = {Nature Publishing Group},
	volume = {5},
	number = {2},
	pages = {141--151},
	author = {Kevin K. Ariën and Guido Vanham and Eric J. Arts},
	title = {Is {HIV}-1 evolving to a less virulent form in humans?},
	journal = {Nature Reviews Microbiology}
}

@article{Greene_2007,
	doi = {10.1002/eji.200737441},
	url = {http://dx.doi.org/10.1002/eji.200737441},
	year = 2007,
	month = {nov},
	publisher = {Wiley-Blackwell},
	volume = {37},
	number = {S1},
	pages = {S94--S102},
	author = {Warner C. Greene},
	title = {A history of {AIDS}: Looking back to see ahead},
	journal = {European Journal of Immunology}
}

@article{Barre_Sinoussi_1983,
	doi = {10.1126/science.6189183},
	url = {http://dx.doi.org/10.1126/science.6189183},
	year = 1983,
	month = {may},
	publisher = {American Association for the Advancement of Science ({AAAS})},
	volume = {220},
	number = {4599},
	pages = {868--871},
	author = {F Barre-Sinoussi and J. Chermann and F Rey and M. Nugeyre and S Chamaret and J Gruest and C Dauguet and C Axler-Blin and F Vezinet-Brun and C Rouzioux and W Rozenbaum and L Montagnier},
	title = {Isolation of a T-lymphotropic retrovirus from a patient at risk for acquired immune deficiency syndrome ({AIDS})},
	journal = {Science}
}

@article{Gallo_1984,
	doi = {10.1126/science.6200936},
	url = {http://dx.doi.org/10.1126/science.6200936},
	year = 1984,
	month = {may},
	publisher = {American Association for the Advancement of Science ({AAAS})},
	volume = {224},
	number = {4648},
	pages = {500--503},
	author = {R. Gallo and S. Salahuddin and M Popovic and G. Shearer and M Kaplan and B. Haynes and T. Palker and R Redfield and J Oleske and B Safai and al. et},
	title = {Frequent detection and isolation of cytopathic retroviruses ({HTLV}-{III}) from patients with {AIDS} and at risk for {AIDS}},
	journal = {Science}
}

@article{Popovic_1984,
	doi = {10.1126/science.6200935},
	url = {http://dx.doi.org/10.1126/science.6200935},
	year = 1984,
	month = {may},
	publisher = {American Association for the Advancement of Science ({AAAS})},
	volume = {224},
	number = {4648},
	pages = {497--500},
	author = {M Popovic and M. Sarngadharan and E Read and R. Gallo},
	title = {Detection, isolation, and continuous production of cytopathic retroviruses ({HTLV}-{III}) from patients with {AIDS} and pre-{AIDS}},
	journal = {Science}
}

@article{Hladik_2008,
	doi = {10.1038/nri2302},
	url = {http://dx.doi.org/10.1038/nri2302},
	year = 2008,
	month = {jun},
	publisher = {Nature Publishing Group},
	volume = {8},
	number = {6},
	pages = {447--457},
	author = {Florian Hladik and M. Juliana McElrath},
	title = {Setting the stage: host invasion by {HIV}},
	journal = {Nat Rev Immunol}
}

@article{Cohen_2011,
	doi = {10.1056/nejmra1011874},
	url = {http://dx.doi.org/10.1056/nejmra1011874},
	year = 2011,
	month = {may},
	publisher = {New England Journal of Medicine ({NEJM}/{MMS})},
	volume = {364},
	number = {20},
	pages = {1943--1954},
	author = {Myron S. Cohen and George M. Shaw and Andrew J. McMichael and Barton F. Haynes},
	title = {Acute {HIV}-1 Infection},
	journal = {New England Journal of Medicine}
}

@article{Merson_2008,
	doi = {10.1016/s0140-6736(08)60884-3},
	url = {http://dx.doi.org/10.1016/s0140-6736(08)60884-3},
	year = 2008,
	month = {aug},
	publisher = {Elsevier {BV}},
	volume = {372},
	number = {9637},
	pages = {475--488},
	author = {Michael H Merson and Jeffrey O{\textquotesingle}Malley and David Serwadda and Chantawipa Apisuk},
	title = {The history and challenge of {HIV} prevention},
	journal = {The Lancet}
}

@article{Barouch_2008,
	doi = {10.1038/nature07352},
	url = {http://dx.doi.org/10.1038/nature07352},
	year = 2008,
	month = {oct},
	publisher = {Nature Publishing Group},
	volume = {455},
	number = {7213},
	pages = {613--619},
	author = {Dan H. Barouch},
	title = {Challenges in the development of an {HIV}-1 vaccine},
	journal = {Nature}
}

@article{Richman_2009,
	doi = {10.1126/science.1165706},
	url = {http://dx.doi.org/10.1126/science.1165706},
	year = 2009,
	month = {mar},
	publisher = {American Association for the Advancement of Science ({AAAS})},
	volume = {323},
	number = {5919},
	pages = {1304--1307},
	author = {D. D. Richman and D. M. Margolis and M. Delaney and W. C. Greene and D. Hazuda and R. J. Pomerantz},
	title = {The Challenge of Finding a Cure for {HIV} Infection},
	journal = {Science}
}

@article{Drosopoulos_1998,
	doi = {10.1007/s001090050257},
	url = {http://dx.doi.org/10.1007/s001090050257},
	year = 1998,
	month = {jul},
	publisher = {Springer Science $\mathplus$ Business Media},
	volume = {76},
	number = {9},
	pages = {604--612},
	author = {William C. Drosopoulos and Lisa F. Rezende and Mark A. Wainberg and V. R. Prasad},
	title = {Virtues of being faithful: can we limit the genetic variation in human immunodeficiency virus?},
	journal = {Journal of Molecular Medicine}
}

@article{Grenfell_2004,
	doi = {10.1126/science.1090727},
	url = {http://dx.doi.org/10.1126/science.1090727},
	year = 2004,
	month = {jan},
	publisher = {American Association for the Advancement of Science ({AAAS})},
	volume = {303},
	number = {5656},
	pages = {327--332},
	author = {B. T. Grenfell},
	title = {Unifying the Epidemiological and Evolutionary Dynamics of Pathogens},
	journal = {Science}
}

@misc{HIV_Sumposium_1999,
	title = "HIV Molecular Immunology Database 1999",
	editor = " Bette Korber, Christian Brander, Barton F. Haynes, John P. Moore, Richard Koup, Bruce D. Walker, and David I. Watkins" ,
	publisher = "Los Alamos National Laboratory",
	city = "Los Alamos",
	state = "New Mexico",
	journal = "Theoretical Biology and Biophysics",
	URL = "http/www.hiv.lanl.gov"
}

 @misc{ Phylogeny,
	wiki= "Philogeny",
    author = "Wikipedia",
    title = "{W}ikipedia{,} The Free Encyclopedia",
    year = "2016",
    url = "https://en.wikipedia.org/wiki/Phylogenetics",
    note = "[Online; accessed 16-January-2016]"
 }
 
 
 
   @Manual{R ,
    title = {R: A Language and Environment for Statistical Computing},
    author = {{R Core Team}},
    organization = {R Foundation for Statistical Computing},
    address = {Vienna, Austria},
    year = {2015},
    url = {https://www.R-project.org/},
  }
  
	@Manual{RStudio , 
	title = {RStudio: Integrated Development Environment for R}, 
	author = {{RStudio Team}}, 
	organization = {RStudio, Inc.}, 
	address = {Boston, MA}, 
	year = {2015}, 
	url = {http://www.rstudio.com/}, 
	}
  
   @Article{ phangorn ,
    title = {phangorn: phylogenetic analysis in R},
    author = {K.P. Schliep},
    journal = {Bioinformatics},
    year = {2011},
    volume = {27},
    number = {4},
    pages = {592--593},
  }
 
 
   @Article{ ape ,
    title = {A{PE}: analyses of phylogenetics and evolution in {R} language},
    author = {E. Paradis and J. Claude and K. Strimmer},
    journal = {Bioinformatics},
    year = {2004},
    volume = {20},
    pages = {289-290},
  }
  
  @Manual{Rphylip ,
    title = {Rphylip: An R interface for PHYLIP.},
    author = {Liam J. Revell & Scott A. Chamberlain},
    year = {2013},
    url = {http://www.phytools.org/Rphylip},
  }
  
   @Article{phytools ,
    title = {phytools: An R package for phylogenetic comparative biology (and other things).},
    author = {Liam J. Revell},
    journal = {Methods in Ecology and Evolution},
    year = {2012},
    volume = {3},
    pages = {217-223},
  }
  
    @Misc{ips,
    title = {PHYLOCH: R language tree plotting tools and interfaces to diverse phylogenetic software packages. http://www.christophheibl.de/Rpackages.html},
    author = {C. Heibl},
    year = {2008 onwards},
  }
  
    @Manual{XML,
    title = {XML: Tools for Parsing and Generating XML Within R and S-Plus},
    author = {Duncan Temple Lang and the CRAN Team},
    year = {2015},
    note = {R package version 3.98-1.3},
    url = {https://CRAN.R-project.org/package=XML},
  }
 
 
  @Article{ggtree,
    title = {ggtree: an R package for visualization and annotation of phylogenetic tree with different types of meta-data},
    author = {Guangchuang Yu and David Smith and Huachen Zhu and Yi Guan and Tommy Tsan-Yuk Lam},
    year = {submitted},
    journal = {Methods in Ecology and Evolution},
  }
  
  @Book{ggplot2,
    author = {Hadley Wickham},
    title = {ggplot2: Elegant Graphics for Data Analysis},
    publisher = {Springer-Verlag New York},
    year = {2009},
	editor ="Chapman andHall/CRC",
    isbn = {978-0-387-98140-6},
	booktitle = "Implementing Reproducible Computational Research"
  }
 
   @Article{knitr,
    title = {knitr: A Comprehensive Tool for Reproducible Research in R},
    author = {Friedrich Leisch and Roger D. Peng},
    year = {submitted},
    journal = {Methods in Ecology and Evolution},
	ISBN =  "978-1466561595"
  }
  
 @Manual{rmarkdown,
    title = {rmarkdown: Dynamic Documents for R},
    author = {JJ Allaire and Joe Cheng and Yihui Xie and Jonathan McPherson and Winston Chang and Jeff Allen and Hadley Wickham and Aron Atkins and Rob Hyndman},
    year = {2016},
    note = {R package version 0.9.2},
    url = {https://CRAN.R-project.org/package=rmarkdown},
  } 
  @Manual{RMySQL,
    title = {RMySQL: Database Interface and 'MySQL' Driver for R},
    author = {Jeroen Ooms and David James and Saikat DebRoy and Hadley Wickham and Jeffrey Horner},
    year = {2015},
    note = {R package version 0.10.7},
    url = {https://CRAN.R-project.org/package=RMySQL},
  }
  
  @Article{rworldmap,
    author = {Andy South},
    title = {rworldmap: A New R package for Mapping Global Data},
    journal = {The R Journal},
    year = {2011},
    volume = {3},
    number = {1},
    pages = {35-43},
    month = {June},
    issn = {2073-4859},
    url = {http://journal.r-project.org/archive/2011-1/RJournal_2011-1_South.pdf},
  }  
  
   @Manual{png,
    title = {png: Read and write PNG images},
    author = {Simon Urbanek},
    year = {2013},
    note = {R package version 0.1-7},
    url = {https://CRAN.R-project.org/package=png},
  }
 
  
  @Article{rworldmap,
    author = {Andy South},
    title = {rworldmap: A New R package for Mapping Global Data},
    journal = {The R Journal},
    year = {2011},
    volume = {3},
    number = {1},
    pages = {35-43},
    month = {June},
    issn = {2073-4859},
    url = {http://journal.r-project.org/archive/2011-1/RJournal_2011-1_South.pdf},
  }

 
 @article{van_Ballegooijen_2009,
	doi = {10.1093/aje/kwp375},
	url = {http://dx.doi.org/10.1093/aje/kwp375},
	year = 2009,
	month = {nov},
	publisher = {Oxford University Press ({OUP})},
	volume = {170},
	number = {12},
	pages = {1455--1463},
	author = {W. M. van Ballegooijen and R. van Houdt and S. M. Bruisten and H. J. Boot and R. A. Coutinho and J. Wallinga},
	title = {Molecular Sequence Data of Hepatitis B Virus and Genetic Diversity After Vaccination},
	journal = {American Journal of Epidemiology}
}

@incollection{Ho_2013,
	doi = {10.1007/978-94-007-6326-5_93-2},
	url = {http://dx.doi.org/10.1007/978-94-007-6326-5_93-2},
	year = 2013,
	publisher = {Springer Science Business Media},
	pages = {1--5},
	author = {Simon Y. W. Ho},
	title = {Molecular Clocks, Relaxed Variant},
	booktitle = {Encyclopedia of Scientific Dating Methods}
}


@article{Drummond_2006,
	doi = {10.1371/journal.pbio.0040088},
	url = {http://dx.doi.org/10.1371/journal.pbio.0040088},
	year = 2006,
	month = {mar},
	publisher = {Public Library of Science ({PLoS})},
	volume = {4},
	number = {5},
	pages = {e88},
	author = {Alexei J Drummond and Simon Y. W Ho and Matthew J Phillips and Andrew Rambaut},
	editor = {David Penny},
	title = {Relaxed Phylogenetics and Dating with Confidence},
	journal = {{PLoS} Biology}
}

@article{Felsenstein_2001,
	doi = {10.1007/s002390010234},
	url = {http://dx.doi.org/10.1007/s002390010234},
	year = 2001,
	month = {oct},
	publisher = {Springer Science $\mathplus$ Business Media},
	volume = {53},
	number = {4-5},
	pages = {447--455},
	author = {Joseph Felsenstein},
	title = {Taking Variation of Evolutionary Rates Between Sites into Account in Inferring Phylogenies},
	journal = {Journal of Molecular Evolution}
}

@article{Paraskevis_2009,
	doi = {10.1186/1742-4690-6-49},
	url = {http://dx.doi.org/10.1186/1742-4690-6-49},
	year = 2009,
	publisher = {Springer Science $\mathplus$ Business Media},
	volume = {6},
	number = {1},
	pages = {49},
	author = {Dimitrios Paraskevis and Oliver Pybus and Gkikas Magiorkinis and Angelos Hatzakis and Annemarie MJ Wensing and David A van de Vijver and Jan Albert and Guiseppe Angarano and Birgitta Asjo and Claudia Balotta and Enzo Boeri and Ricardo Camacho and Marie-Laure Chaix and Suzie Coughlan and Dominique Costagliola and Andrea De Luca and Carlos de Mendoza and Inge Derdelinckx and Zehava Grossman and Osama Hamouda and I M Hoepelman and Andrzej Horban and Klaus Korn and Claudia Kuecherer and Thomas Leitner and Clive Loveday and Eilidh Macrae and I Maljkovic and Laurence Meyer and Claus Nielsen and Eline LM Op de Coul and Vidar Ormaasen and Luc Perrin and Elisabeth Puchhammer-Stockl and Lidia Ruiz and Mika Salminen and Jean-Claude Schmit and Rob Schuurman and Vincent Soriano and J Stanczak and Maja Stanojevic and Daniel Struck and Kristel Van Laethem and M Violin and Sabine Yerly and Maurizio Zazzi and Charles A Boucher and Anne-Mieke Vandamme and Spread Programme},
	title = {Tracing the {HIV}-1 subtype B mobility in Europe: a phylogeographic approach},
	journal = {Retrovirology}
}


@misc{Magiorkinis_2009,
	year = 2009,
	author = "Magiorkinis, G., K. Aggelis, I. Mamais, A. Hatzakis, J. Albert, G. Lawyer, O. Hamouda, D. Struck, J. Vercauteren, A. M. Wensing, A. Ivvailov, A. Bau, C. Balotta, R. J. Camacho,
S. Coughlan, A. Griskevicius, Z. Grossman, A. Horban, L. G. Kostrikis, L. Snjezana,K. Liitsola, M. Linka, C. Nielsen, D. Otelea, R. Paredes, M. Poljak, E. Puchhammer-Stöckl, J.-C. Schmit, A. Sönnerborg, D. Stanekova, M. Stanojevic, C. A. Boucher, G.
Nikolopoulos, F. SR, A.-M. Vandamme, D. Paraskevis, et al. ",
	title = {The global spread of HIV-1 subtype B epidemic: a phylogeographic meta-analysis},
}

@article{Wensing_2005,
	doi = {10.1086/432916},
	url = {http://dx.doi.org/10.1086/432916},
	year = 2005,
	month = {sep},
	publisher = {Oxford University Press ({OUP})},
	volume = {192},
	number = {6},
	pages = {958--966},
	author = {Annemarie~M.~J. Wensing and David~A. van de Vijver and Gioacchino Angarano and Birgitta {\AA}sjö and Claudia Balotta and Enzo Boeri and Ricardo Camacho and Maire-Laure Chaix and Dominique Costagliola and Andrea De Luca and Inge Derdelinckx and Zehava Grossman and Osamah Hamouda and Angelos Hatzakis and Robert Hemmer and Andy Hoepelman and Andrzej Horban and Klaus Korn and Claudia Kücherer and Thomas Leitner and Clive Loveday and Eilidh MacRae and Irina Maljkovic and Carmen de Mendoza and Laurence Meyer and Claus Nielsen and Eline~L. Op de Coul and Vidar Ormaasen and Dimitris Paraskevis and Luc Perrin and Elisabeth Puchhammer-Stöckl and Lidia Ruiz and Mika Salminen and Jean-Claude Schmit and Francois Schneider and Rob Schuurman and Vincent Soriano and Grzegorz Stanczak and Maja Stanojevic and Anne-Mieke Vandamme and Kristel Van Laethem and Michela Violin and Karin Wilbe and Sabine Yerly and Maurizio Zazzi and Charles~A. Boucher},
	title = {Prevalence of Drug-Resistant {HIV}-1 Variants in Untreated Individuals in Europe: Implications for Clinical Management},
	journal = {The Journal of Infectious Diseases}
}

@article{Vercauteren_2009,
	doi = {10.1086/644505},
	url = {http://dx.doi.org/10.1086/644505},
	year = 2009,
	month = {nov},
	publisher = {Oxford University Press ({OUP})},
	volume = {200},
	number = {10},
	pages = {1503--1508},
	author = {Jurgen Vercauteren and Annemarie~M.~J. Wensing and David~A.~M.~C. van de Vijver and Jan Albert and Claudia Balotta and Osamah Hamouda and Claudia Kücherer and Daniel Struck and Jean-Claude Schmit and Birgitta {\AA}sjö and Marie Bruckova and Ricardo~J. Camacho and Bonaventura Clotet and Suzie Coughlan and Zehava Grossman and Andrzej Horban and Klaus Korn and Leondios Kostrikis and Claus Nielsen and Dimitrios Paraskevis and Mario Poljak and Elisabeth Puchhammer-Stöckl and Chiara Riva and Lidia Ruiz and Mika Salminen and Rob Schuurman and Anders Sonnerborg and Danica Stanekova and Maja Stanojevic and Anne-Mieke Vandamme and Charles~A.~B. Boucher},
	title = {Transmission of Drug-Resistant {HIV}-1 Is Stabilizing in Europe},
	journal = {The Journal of Infectious Diseases}
}

@article{Wensing_2008,
	doi = {10.1097/qad.0b013e3282f5e062},
	url = {http://dx.doi.org/10.1097/qad.0b013e3282f5e062},
	year = 2008,
	author = "Wensing, A.M.,J.Vercauteren,D.A.vandeVijver,A.Jan,B.Asjo,C.Balotta,R.Camacho, S.Coughlan,Z.Grossman,A.Horban,et al",
	month = {mar},
	publisher = {Ovid Technologies (Wolters Kluwer Health)},
	volume = {22},
	number = {5},
	pages = {625--635},
	title = {Transmission of drug-resistant {HIV}-1 in Europe remains limited to single classes},
	journal = {{AIDS}}
}

@article{Katoh_2002,
	doi = {10.1093/nar/gkf436},
	url = {http://dx.doi.org/10.1093/nar/gkf436},
	year = 2002,
	month = {jul},
	publisher = {Oxford University Press ({OUP})},
	volume = {30},
	number = {14},
	pages = {3059--3066},
	author = {K. Katoh},
	title = {{MAFFT}: a novel method for rapid multiple sequence alignment based on fast Fourier transform},
	journal = {Nucleic Acids Research}
}

@article{Huson_2012,
	doi = {10.1093/sysbio/sys062},
	url = {http://dx.doi.org/10.1093/sysbio/sys062},
	year = 2012,
	month = {jul},
	publisher = {Oxford University Press ({OUP})},
	volume = {61},
	number = {6},
	pages = {1061--1067},
	author = {D. H. Huson and C. Scornavacca},
	title = {Dendroscope 3: An Interactive Tool for Rooted Phylogenetic Trees and Networks},
	journal = {Systematic Biology}
}

@article{Stamatakis_2014,
	doi = {10.1093/bioinformatics/btu033},
	url = {http://dx.doi.org/10.1093/bioinformatics/btu033},
	year = 2014,
	month = {jan},
	publisher = {Oxford University Press ({OUP})},
	volume = {30},
	number = {9},
	pages = {1312--1313},
	author = {A. Stamatakis},
	title = {{RAxML} version 8: a tool for phylogenetic analysis and post-analysis of large phylogenies},
	journal = {Bioinformatics}
}


@inproceedings{Miller_2010,
	doi = {10.1109/gce.2010.5676129},
	url = {http://dx.doi.org/10.1109/gce.2010.5676129},
	year = 2010,
	month = {nov},
	publisher = {Institute of Electrical {\&} Electronics Engineers ({IEEE})},
	author = {Mark A. Miller and Wayne Pfeiffer and Terri Schwartz},
	title = {Creating the {CIPRES} Science Gateway for inference of large phylogenetic trees},
	booktitle = {2010 Gateway Computing Environments Workshop ({GCE})}
}

@article{Pattengale_2010,
	doi = {10.1089/cmb.2009.0179},
	url = {http://dx.doi.org/10.1089/cmb.2009.0179},
	year = 2010,
	month = {mar},
	publisher = {Mary Ann Liebert Inc},
	volume = {17},
	number = {3},
	pages = {337--354},
	author = {Nicholas D. Pattengale and Masoud Alipour and Olaf R.P. Bininda-Emonds and Bernard M.E. Moret and Alexandros Stamatakis},
	title = {How Many Bootstrap Replicates Are Necessary?},
	journal = {Journal of Computational Biology}
}