@article {Efron1177,
	author = {Efron, Bradley},
	title = {Bayes{\textquoteright} Theorem in the 21st Century},
	volume = {340},
	number = {6137},
	pages = {1177--1178},
	year = {2013},
	doi = {10.1126/science.1236536},
	publisher = {American Association for the Advancement of Science},
	issn = {0036-8075},
	URL = {http://science.sciencemag.org/content/340/6137/1177},
	eprint = {http://science.sciencemag.org/content/340/6137/1177.full.pdf},
	journal = {Science}
}
